
@book{lemercier,
    author = {Lemercier Samuel},
    title = {Simulation du comportement de suivi dans une foule de piétons à travers
l'expérience, l'analyse et la modélisation},
    howpublished = {\url{<https://hal.inria.fr/tel-00724072/>}\url{<https://hal.inria.fr/tel-00724072/document>}},
    year = {2012},
    publisher = {Université Rennes 1},
    note = "[NNT : 2012REN1S028]\ \ref{samuel1}\ \ref{samuel2}",

}
@book{demange,
    author = {Demange Jonathan},
    title = {Un modèle d'environnement pour la simulation multiniveau - Application
à la simulation de foules},
    howpublished = {\url{<https://tel.archives-ouvertes.fr/file/index/docid/863674/filename/These_DEMANGE_-_Jonathan_UTBM.pdf>}},
    year = {2012},
    publisher = {Université de Technologie de Belfort- Montbeliard},
    note = "[Ordinateur et société [cs.CY]]"
}
@book{delannoy,
    author = {Delannoy Claude},
    title = {Le guide complet du langage C},
    year = {2014},
    publisher = {Eyrolles},
    note = "[ISBN : 978-2-212-14012-5]\ \ref{claude1}"
}
@book{zhang,
    author = {Zhang Tony},
    title = {Le language C},
    year = {2002},
    publisher = {campusPress},
    note = "[ISBN : 2-7440-1518-0]\ \ref{tony1}"
}
@book{fourier,
    author = {Rodier François},
    title = {Distributions et Transformation de Fourier},
    year = {1991},
    publisher = {Mc Graw-Hill},
    note = "[ISBN : 2-7042-1004-7]"
}
